<?xml version = "1.0" encoding = "UTF-8"?><OAI-PMH xmlns="http://www.openarchives.org/OAI/2.0/" xmlns:xsi="http://www.w3.org/2001/XMLSchema-instance" xsi:schemaLocation="http://www.openarchives.org/OAI/2.0/ http://www.openarchives.org/OAI/2.0/OAI-PMH.xsd"><ListRecords><record><header><identifier>aleph-publish:015085638</identifier></header><metadata><record xmlns="http://www.ddb.de/professionell/mabxml/mabxml-1.xsd"><leader>01173nM2.01200024------h</leader><controlfield tag="LDR">01173nM2.01200024------h</controlfield><controlfield tag="FMT">MH</controlfield><datafield tag="001" ind1="-" ind2="1"><subfield code="a">TT002001222</subfield></datafield><datafield tag="002" ind1="a" ind2="1"><subfield code="a">20060512</subfield></datafield><datafield tag="004" ind1="-" ind2="1"><subfield code="a">20060507</subfield></datafield><datafield tag="025" ind1="o" ind2="1"><subfield code="a">836975985</subfield></datafield><controlfield tag="030">a|1uc||||||17</controlfield><datafield tag="036" ind1="a" ind2="1"><subfield code="a">DX</subfield></datafield><datafield tag="037" ind1="b" ind2="1"><subfield code="a">ger</subfield></datafield><controlfield tag="050">a|||||||||||||</controlfield><controlfield tag="051">s|||||||</controlfield><datafield tag="064" ind1="a" ind2="1"><subfield code="a">Kommentar</subfield><subfield code="9">(DE-588)4136710-8</subfield></datafield><datafield tag="070" ind1="-" ind2="1"><subfield code="a">Kn 28</subfield></datafield><datafield tag="070" ind1="a" ind2="1"><subfield code="a">Kn 28</subfield></datafield><datafield tag="100" ind1="-" ind2="1"><subfield code="p">Bisping, August</subfield><subfield code="d">1811-1884</subfield><subfield code="9">(DE-588)103140301</subfield></datafield><datafield tag="331" ind1="-" ind2="1"><subfield code="a">Erklärung der beiden Briefe an die Thessalonicher, der drei Pastoralbriefe und des Briefes an Philemon</subfield></datafield><datafield tag="359" ind1="-" ind2="1"><subfield code="a">von Aug. Bisping</subfield></datafield><datafield tag="403" ind1="-" ind2="1"><subfield code="a">2. verb. und verm. Aufl.</subfield></datafield><datafield tag="410" ind1="-" ind2="1"><subfield code="a">Münster</subfield></datafield><datafield tag="412" ind1="-" ind2="1"><subfield code="a">Aschendorff</subfield></datafield><datafield tag="425" ind1="a" ind2="1"><subfield code="a">1865</subfield></datafield><datafield tag="433" ind1="-" ind2="1"><subfield code="a">346 S.</subfield></datafield><datafield tag="451" ind1="-" ind2="1"><subfield code="a">Exegetisches Handbuch zum Neuen Testament / von Aug. Bisping ; Bd. 7, Abt. 1</subfield></datafield><datafield tag="453" ind1="-" ind2="1"><subfield code="a">HT001232431</subfield></datafield><datafield tag="455" ind1="-" ind2="1"><subfield code="a">Bd. 7, Abt. 1</subfield></datafield><datafield tag="456" ind1="-" ind2="1"><subfield code="a">7,1,2</subfield></datafield><datafield tag="532" ind1="z" ind2="1"><subfield code="p">1. Aufl. u.d.T.</subfield><subfield code="a">Bisping, August: Erklärung des zweiten Briefes an die Thessalonicher, der drei Pastoralbriefe und des Briefes an Philemon</subfield></datafield><datafield tag="800" ind1="-" ind2="1"><subfield code="p">Bisping, August</subfield><subfield code="d">1811-1884</subfield><subfield code="9">(DE-588)103140301</subfield></datafield><datafield tag="805" ind1="b" ind2="1"><subfield code="a">Erklärung des zweiten Briefes an die Thessalonicher, der drei Pastoralbriefe und des Briefes an Philemon</subfield></datafield><datafield tag="902" ind1="-" ind2="1"><subfield code="p">Paulus</subfield><subfield code="c">Apostel, Heiliger</subfield><subfield code="9">(DE-588)118641549</subfield></datafield><datafield tag="902" ind1="-" ind2="1"><subfield code="t">Bibel</subfield><subfield code="u">Thessalonicherbrief</subfield><subfield code="n">1.-2.</subfield><subfield code="9">(DE-588)4075941-6</subfield></datafield><datafield tag="907" ind1="-" ind2="1"><subfield code="t">Bibel</subfield><subfield code="u">Pastoralbriefe</subfield><subfield code="9">(DE-588)4075937-4</subfield></datafield><datafield tag="912" ind1="-" ind2="1"><subfield code="t">Bibel</subfield><subfield code="u">Philemonbrief</subfield><subfield code="9">(DE-588)4075950-7</subfield></datafield><controlfield tag="SYS">015085638</controlfield><datafield tag="952" ind1="-" ind2="1"><subfield code="p">Paulus</subfield><subfield code="c">Apostolus, Heiliger</subfield></datafield><datafield tag="952" ind1="-" ind2="1"><subfield code="p">Paulus</subfield><subfield code="c">Apostolos, Heiliger</subfield></datafield><datafield tag="952" ind1="-" ind2="1"><subfield code="p">Paulus</subfield><subfield code="c">Apostolus</subfield></datafield><datafield tag="952" ind1="-" ind2="1"><subfield code="p">Paulus</subfield><subfield code="c">von Tarsus, Apostel, Heiliger</subfield></datafield><datafield tag="952" ind1="-" ind2="1"><subfield code="p">Paulus</subfield><subfield code="c">Sardensis, Apostel, Heiliger</subfield></datafield><datafield tag="952" ind1="-" ind2="1"><subfield code="p">Paulus</subfield><subfield code="c">von Tarsos, Apostel, Heiliger</subfield></datafield><datafield tag="952" ind1="-" ind2="1"><subfield code="p">Paulus</subfield><subfield code="c">Theologe, Apostel, Heiliger</subfield></datafield><datafield tag="952" ind1="-" ind2="1"><subfield code="p">Paulus</subfield><subfield code="c">Apostolus, Sanctus</subfield></datafield><datafield tag="952" ind1="-" ind2="1"><subfield code="p">Paulus</subfield><subfield code="c">Divus, Apostel, Heiliger</subfield></datafield><datafield tag="952" ind1="-" ind2="1"><subfield code="p">Paul</subfield><subfield code="c">Apostle, Saint</subfield></datafield><datafield tag="952" ind1="-" ind2="1"><subfield code="p">Paul</subfield><subfield code="c">Apôtre, Saint</subfield></datafield><datafield tag="952" ind1="-" ind2="1"><subfield code="p">Paullus</subfield><subfield code="c">Apostel, Heiliger</subfield></datafield><datafield tag="952" ind1="-" ind2="1"><subfield code="p">Paulos</subfield><subfield code="c">Apostel, Heiliger</subfield></datafield><datafield tag="952" ind1="-" ind2="1"><subfield code="p">Pavel</subfield><subfield code="c">Apostel, Heiliger</subfield></datafield><datafield tag="952" ind1="-" ind2="1"><subfield code="p">Pawel</subfield><subfield code="c">Apostel, Heiliger</subfield></datafield><datafield tag="952" ind1="-" ind2="1"><subfield code="p">Pablo</subfield><subfield code="c">Apostel, Heiliger</subfield></datafield><datafield tag="952" ind1="-" ind2="1"><subfield code="p">Paolo</subfield><subfield code="c">di Tarso, Apostel, Heiliger</subfield></datafield><datafield tag="952" ind1="-" ind2="1"><subfield code="p">Phòil</subfield><subfield code="c">Apostel, Heiliger</subfield></datafield><datafield tag="952" ind1="-" ind2="1"><subfield code="p">Pól</subfield><subfield code="c">Apostel, Heiliger</subfield></datafield><datafield tag="952" ind1="-" ind2="1"><subfield code="p">Paavalin</subfield><subfield code="c">Apostel, Heiliger</subfield></datafield><datafield tag="952" ind1="-" ind2="1"><subfield code="p">Saulus</subfield><subfield code="c">Apostel, Heiliger</subfield></datafield><datafield tag="952" ind1="-" ind2="1"><subfield code="p">Šāû́l</subfield><subfield code="c">Apostel, Heiliger</subfield></datafield><datafield tag="952" ind1="-" ind2="1"><subfield code="p">Saulus</subfield><subfield code="c">von Tarsus, Apostel, Heiliger</subfield></datafield><datafield tag="952" ind1="-" ind2="1"><subfield code="p">Paulus</subfield><subfield code="c">von Tarsus</subfield></datafield><datafield tag="952" ind1="-" ind2="1"><subfield code="p">Paulus</subfield><subfield code="c">Biblische Person</subfield></datafield><datafield tag="952" ind1="-" ind2="1"><subfield code="p">Saulus</subfield><subfield code="c">von Tarsus</subfield></datafield><datafield tag="952" ind1="-" ind2="1"><subfield code="p">Saulus</subfield></datafield><datafield tag="952" ind1="-" ind2="1"><subfield code="p">Paavali</subfield><subfield code="c">Apostel, Heiliger</subfield></datafield><datafield tag="952" ind1="-" ind2="1"><subfield code="t">Thessalonicherbrief</subfield><subfield code="n">1.-2.</subfield></datafield><datafield tag="952" ind1="-" ind2="1"><subfield code="t">Thessalonicherbrief</subfield><subfield code="n">I.-II.</subfield></datafield><datafield tag="952" ind1="-" ind2="1"><subfield code="t">Thessalonicherbriefe</subfield></datafield><datafield tag="952" ind1="-" ind2="1"><subfield code="t">1-2 Thess</subfield></datafield><datafield tag="952" ind1="-" ind2="1"><subfield code="t">1-2 Thes</subfield></datafield><datafield tag="952" ind1="-" ind2="1"><subfield code="t">1-2 Th</subfield></datafield><datafield tag="952" ind1="-" ind2="1"><subfield code="t">1-2 Tess</subfield></datafield><datafield tag="952" ind1="-" ind2="1"><subfield code="t">1-2 Ts</subfield></datafield><datafield tag="952" ind1="-" ind2="1"><subfield code="t">1-2 Te</subfield></datafield><datafield tag="952" ind1="-" ind2="1"><subfield code="t">Epîtres aux Thessaloniciens</subfield></datafield><datafield tag="952" ind1="-" ind2="1"><subfield code="t">Epistles to the Thessalonians</subfield></datafield><datafield tag="952" ind1="-" ind2="1"><subfield code="t">Letters to the Thessalonians</subfield></datafield><datafield tag="952" ind1="-" ind2="1"><subfield code="t">Epistulae ad Thessalonicenses</subfield></datafield><datafield tag="952" ind1="-" ind2="1"><subfield code="t">Lettere ai Tessalonicesi</subfield></datafield><datafield tag="957" ind1="-" ind2="1"><subfield code="t">Pastoralbriefe</subfield></datafield><datafield tag="957" ind1="-" ind2="1"><subfield code="t">&lt;&lt;Les&gt;&gt; epîtres pastorales</subfield></datafield><datafield tag="957" ind1="-" ind2="1"><subfield code="t">&lt;&lt;The&gt;&gt; pastoral epistles</subfield></datafield><datafield tag="957" ind1="-" ind2="1"><subfield code="t">Pastoral Letters</subfield></datafield><datafield tag="957" ind1="-" ind2="1"><subfield code="t">Epistulae pastorales</subfield></datafield><datafield tag="957" ind1="-" ind2="1"><subfield code="t">Lettere pastorali</subfield></datafield><datafield tag="962" ind1="-" ind2="1"><subfield code="t">Bibel</subfield><subfield code="u">Philemonbrief</subfield><subfield code="n">1-25</subfield></datafield><datafield tag="962" ind1="-" ind2="1"><subfield code="t">Philemonbrief</subfield></datafield><datafield tag="962" ind1="-" ind2="1"><subfield code="t">&lt;&lt;Der&gt;&gt; Brief an Philemon</subfield></datafield><datafield tag="962" ind1="-" ind2="1"><subfield code="t">Phlm</subfield></datafield><datafield tag="962" ind1="-" ind2="1"><subfield code="t">Philem</subfield></datafield><datafield tag="962" ind1="-" ind2="1"><subfield code="t">Philm</subfield></datafield><datafield tag="962" ind1="-" ind2="1"><subfield code="t">Phm</subfield></datafield><datafield tag="962" ind1="-" ind2="1"><subfield code="t">Film</subfield></datafield><datafield tag="962" ind1="-" ind2="1"><subfield code="t">Flm</subfield></datafield><datafield tag="962" ind1="-" ind2="1"><subfield code="t">Fm</subfield></datafield><datafield tag="962" ind1="-" ind2="1"><subfield code="t">Epistula ad Philomenem</subfield></datafield><datafield tag="962" ind1="-" ind2="1"><subfield code="t">&lt;&lt;The&gt;&gt; letter to Philemon</subfield></datafield><datafield tag="962" ind1="-" ind2="1"><subfield code="t">Epître à Philémon</subfield></datafield><datafield tag="962" ind1="-" ind2="1"><subfield code="t">Epistle to Philemon</subfield></datafield><datafield tag="088" ind1=" " ind2=" "><subfield code="a">Kn 28</subfield><subfield code="b">MAG</subfield><subfield code="c">Cb 1192</subfield><subfield code="e">Magazin, nur LS</subfield></datafield><datafield tag="B85" ind1=" " ind2="9"><subfield code="a">Grosche, Heinrich</subfield><subfield code="9">ED000097022</subfield><subfield code="2">ED001</subfield></datafield><datafield tag="B85" ind1=" " ind2="9"><subfield code="a">Grosche, Robert</subfield><subfield code="9">ED000014509</subfield><subfield code="2">ED001</subfield></datafield><datafield tag="B87" ind1=" " ind2="9"><subfield code="1">1.1;1.4</subfield><subfield code="2">ED001</subfield></datafield><datafield tag="B88" ind1=" " ind2="9"><subfield code="a">Hs. Besitzvermerk: &quot;Heinrich Grosche, stud. theol. Bonn&quot;; Besitzstempel: Ex Libris Roberti Grosche Philos. Doctoris Presb. Coloniensis&quot;</subfield><subfield code="2">ED001</subfield></datafield></record></metadata></record></ListRecords></OAI-PMH>